<?xml version="1.0" encoding="UTF-8"?><record xmlns="http://www.loc.gov/MARC21/slim" xmlns:cinclude="http://apache.org/cocoon/include/1.0" xmlns:zs="http://www.loc.gov/zing/srw/">
  <leader>00621nz  a2200145n  4500</leader>
  <controlfield tag="001">no2010067044</controlfield>
  <controlfield tag="003">DLC</controlfield>
  <controlfield tag="005">20100424075149.0</controlfield>
  <controlfield tag="008">100422n| acannaabn          |n aaa     c</controlfield>
  <datafield tag="010" ind1=" " ind2=" ">
    <subfield code="a">no2010067044</subfield>
  </datafield>
  <datafield tag="035" ind1=" " ind2=" ">
    <subfield code="a">(OCoLC)oca08470433</subfield>
  </datafield>
  <datafield tag="040" ind1=" " ind2=" ">
    <subfield code="a">PSt</subfield>
    <subfield code="b">eng</subfield>
    <subfield code="c">PSt</subfield>
  </datafield>
  <datafield tag="100" ind1="1" ind2=" ">
    <subfield code="a">Radler, Christopher,</subfield>
    <subfield code="d">1979-</subfield>
  </datafield>
  <datafield tag="670" ind1=" " ind2=" ">
    <subfield code="a">Eine Biographie als politisches Mittel, c2010:</subfield>
    <subfield code="b">t.p. (Christopher Radler)</subfield>
  </datafield>
  <datafield tag="670" ind1=" " ind2=" ">
    <subfield code="a">Dusseldorf Institute for Foreign and Security Policy WWW site, Apr. 15, 2010:</subfield>
    <subfield code="b">DIAS Analysis no. 40, t.p. verso (Christopher Radler, b. 1979; M.A., Univ. of Heidelberg, 2009; currently working as a lecturer at Pepperdine Univ.)</subfield>
  </datafield>
</record>